@phdthesis{devillers01,
    author =    {Eugene de Villers},
    title =     {{"The Potential of Large Eddy Simulation for the Modeling of Wall Bounded Flows"}},
    school =   {Imperial College of Science, Technology and Medicine},
    year =      {2006}
}

@techreport{shi01,
    author =    {Liang Shi and DongHun Yeo},
    title =     {{"OpenFOAM Large-Eddy Simulations of Atmospheric Boundary Layer Turbulence for Wind Engineering Applications"}},
    institution =   {NIST},
    papertype = 	{Technical Note},
    number =    	{1944},
    url =     	{https://doi.org/10.6028/NIST.TN.1944},
    note =		{Accessed March 2017},
    year =      {2016}
}

@article{tabor,
    author =    {G.R. Tabor and M.H. Baba-Ahmadi},
    title =     {{"Inlet Conditions for Large Eddy Simulation: A Review"}},
    journal =   {Computers {\&} Fluids},
    volume =    {\textbf{39}},
    number =    {4},
    pages =     {{pp.}553--567},
    year =      {2010}
}

@article{stovall,
    author =    {Timothy Stovall and Gary Pawlas and Patrick Moriarty},
    title =     {{"Windfarm Wake Simulations in \texttt{OpenFOAM}"}},
    journal =   {AIAA},
    volume =    {Paper No. 2010-0825},
    year =      {2010}
}

@article{xie,
    author =    {Zheng-Tong Xie and Ian P. Castro},
    title =     {{"Efficient Generation of Inflow Conditions for Large Eddy Simulation of Street-Scale Flows"}},
    journal =   {Flow Turbulence and Combustion},
    volume =    {\textbf{81}},
    pages =     {{pp.}449-470},
    year =      {2008}
}
 
@book{wyngaard01,
    author    = {John C. Wyngaard},
    title     = {Turbulence in the Atmosphere},
    year      = {2010},
    publisher = {Cambridge University Press},
    address   = {Cambridge, UK}
}

@book{tennekes01,
    author    = {Henk Tennekes and John L. Lumley},
    title     = {A First Course in Turbulence},
    year      = {1972},
    publisher = {MIT Press},
    address   = "Cambridge, MA"
}

@book{davidson,
    author    = {Peter A. Davidson},
    title     = {Turbulence: An Introduction for Scientists and Engineers},
    year      = {2010},
    edition   = {2nd},
    publisher = {Cambridge University Press},
    address   = {Cambridge, UK}
}

@book{durbin,
    author    = {P.A. Durbin and B.A. Petterson Reif},
    title     = {Statistical Theory and Modeling for Turbulent Flows},
    year      = {2010},
    edition   = {2nd},
    publisher = {John Wiley \& Sons},
    address   = {Chirchester, UK}
}

@book{manwell,
    author    = {J.F. Manwell and J.G. McGowan and A.L. Rogers},
    title     = {Wind Energy Explained: Theory, Design and Application},
    year      = {2009},
    edition   = {2nd},
    publisher = {John Wiley \& Sons},
    address   = {Chirchester, UK}
}

@book{sagaut01,
    author    = {Pierre Sagaut},
    title     = {Large Eddy Simulation for Incompressible Flows},
    year      = {2006},
    edition   = {3rd},
    publisher = {Springer-Verlag Berlin Heidelberg},
    address   = {New York}
}